<?xml version="1.0" encoding="UTF-8"?><record xmlns="http://www.loc.gov/MARC21/slim" xmlns:cinclude="http://apache.org/cocoon/include/1.0" xmlns:zs="http://www.loc.gov/zing/srw/">
  <leader>00502nz  a2200145n  4500</leader>
  <controlfield tag="001">no 00053404 </controlfield>
  <controlfield tag="003">DLC</controlfield>
  <controlfield tag="005">20000728064015.0</controlfield>
  <controlfield tag="008">000727n| acannaab           |n aaa     c</controlfield>
  <datafield tag="010" ind1=" " ind2=" ">
    <subfield code="a">no 00053404 </subfield>
  </datafield>
  <datafield tag="035" ind1=" " ind2=" ">
    <subfield code="a">(OCoLC)oca05268293</subfield>
  </datafield>
  <datafield tag="040" ind1=" " ind2=" ">
    <subfield code="a">PPPrHi</subfield>
    <subfield code="b">eng</subfield>
    <subfield code="c">PPPrHi</subfield>
  </datafield>
  <datafield tag="100" ind1="1" ind2=" ">
    <subfield code="a">Taylor, Timothy Alden,</subfield>
    <subfield code="d">1809-1858</subfield>
  </datafield>
  <datafield tag="670" ind1=" " ind2=" ">
    <subfield code="a">Memoir of the Rev. Oliver Alden Taylor, 1853:</subfield>
    <subfield code="b">t.p. (Rev. Timothy Alden Taylor)</subfield>
  </datafield>
  <datafield tag="670" ind1=" " ind2=" ">
    <subfield code="a">OCLC, Jul. 25, 2000</subfield>
    <subfield code="b">(hdg.: Taylor, Timothy Alden, 1809-1858; usage: Timothy Alden Taylor)</subfield>
  </datafield>
</record>